@ARTICLE{Horne:1986,
     author = {{Horne}, K. and {Marsh}, T.~R.},
     title = "{Emission line formation in accretion discs}",
     journal = {\mnras},
     keywords = {Accretion Disks, Emission Spectra, Line Shape, Line Spectra, Optical Thickness, Spectrum Analysis, Balmer Series, Computational Astrophysics, Doppler Effect, Dwarf Novae, Kepler Laws, Shear Flow, Velocity Distribution, Astrophysics},
     year = 1986,
     month = feb,
     volume = {218},
     pages = {761-773},
     doi = {10.1093/mnras/218.4.761},
     adsurl = {https://ui.adsabs.harvard.edu/abs/1986MNRAS.218..761H},
     adsnote = {Provided by the SAO/NASA Astrophysics Data System}}

@ARTICLE{Schwope:2000,
     author = {{Schwope}, Axel D. and {Catal{\'a}n}, Maria S. and {Beuermann}, Klaus and {Metzner}, Andr{\'e} and {Smith}, Robert Connon and {Steeghs}, Danny},
     title = "{Multi-epoch Doppler tomography and polarimetry of QQ Vul}",
     journal = {\mnras},
     keywords = {ACCRETION, ACCRETION DISCS, LINE: PROFILES, POLARIZATION, STARS: INDIVIDUAL: QQ VUL, NOVAE, CATACLYSMIC VARIABLES, Astrophysics},
     year = 2000,
     month = apr,
     volume = {313},
     number = {3},
     pages = {533-546},
     doi = {10.1046/j.1365-8711.2000.03240.x},
     archivePrefix = {arXiv},
     eprint = {astro-ph/9911141},
     primaryClass = {astro-ph},
     adsurl = {https://ui.adsabs.harvard.edu/abs/2000MNRAS.313..533S},
     adsnote = {Provided by the SAO/NASA Astrophysics Data System}}

@ARTICLE{Steeghs:2002,
     author = {{Steeghs}, D. and {Casares}, J.},
     title = "{The Mass Donor of Scorpius X-1 Revealed}",
     journal = {\apj},
     keywords = {Accretion, Accretion Disks, Stars: Individual: Constellation Name: Scorpius X-1, X-Rays: Binaries, Astrophysics},
     year = 2002,
     month = mar,
     volume = {568},
     number = {1},
     pages = {273-278},
     doi = {10.1086/339224},
     archivePrefix = {arXiv},
     eprint = {astro-ph/0107343},
     primaryClass = {astro-ph},
     adsurl = {https://ui.adsabs.harvard.edu/abs/2002ApJ...568..273S},
     adsnote = {Provided by the SAO/NASA Astrophysics Data System}}

@ARTICLE{Spaandonk:2010,
     author = {{van Spaandonk}, L. and {Steeghs}, D. and {Marsh}, T.~R. and {Torres}, M.~A.~P.},
     title = "{Time-resolved spectroscopy of the pulsating CV GW Lib}",
     journal = {\mnras},
     keywords = {binaries: spectroscopic, stars: individual: GW Lib, novae, cataclysmic variables, Astrophysics - Solar and Stellar Astrophysics},
     year = 2010,
     month = jan,
     volume = {401},
     number = {3},
     pages = {1857-1868},
     doi = {10.1111/j.1365-2966.2009.15762.x},
     archivePrefix = {arXiv},
     eprint = {0909.3991},
     primaryClass = {astro-ph.SR},
     adsurl = {https://ui.adsabs.harvard.edu/abs/2010MNRAS.401.1857V},
     adsnote = {Provided by the SAO/NASA Astrophysics Data System}}

@ARTICLE{Casares:2015,
     author = {{Casares}, J.},
     title = "{A FWHM-K$_{2}$ Correlation in Black Hole Transients}",
     journal = {\apj},
     keywords = {accretion, accretion disks, binaries: close, novae, cataclysmic variables, stars: black holes, stars: dwarf novae, stars: neutron, Astrophysics - Solar and Stellar Astrophysics},
     year = 2015,
     month = jul,
     volume = {808},
     number = {1},
     eid = {80},
     pages = {80},
     doi = {10.1088/0004-637X/808/1/80},
     archivePrefix = {arXiv},
     eprint = {1506.00639},
     primaryClass = {astro-ph.SR},
     adsurl = {https://ui.adsabs.harvard.edu/abs/2015ApJ...808...80C},
     adsnote = {Provided by the SAO/NASA Astrophysics Data System}}

@ARTICLE{Casares:2016,
     author = {{Casares}, J.},
     title = "{Mass Ratio Determination from H$_{ {\ensuremath{\alpha}} }$ Lines in Black Hole X-Ray Transients}",
     journal = {\apj},
     keywords = {accretion, accretion disks, binaries: close, stars: black holes, stars: dwarf novae, stars: neutron, Astrophysics - Solar and Stellar Astrophysics, Astrophysics - High Energy Astrophysical Phenomena},
     year = 2016,
     month = may,
     volume = {822},
     number = {2},
     eid = {99},
     pages = {99},
     doi = {10.3847/0004-637X/822/2/99},
     archivePrefix = {arXiv},
     eprint = {1603.08920},
     primaryClass = {astro-ph.SR},
     adsurl = {https://ui.adsabs.harvard.edu/abs/2016ApJ...822...99C},
     adsnote = {Provided by the SAO/NASA Astrophysics Data System}}

@ARTICLE{Ratti:2012,
     author = {{Ratti}, E.~M. and {Steeghs}, D.~T.~H. and {Jonker}, P.~G. and {Torres}, M.~A.~P. and {Bassa}, C.~G. and {Verbunt}, F.},
     title = "{Optical spectroscopy of the quiescent counterpart to EXO 0748-676: a black widow scenario?}",
     journal = {\mnras},
     keywords = {accretion, accretion discs, binaries eclipsing, stars: individual (EXO 0748-676), X-rays: binaries, X-rays: individual: EXO 0748-676, Astrophysics - High Energy Astrophysical Phenomena},
     year = 2012,
     month = feb,
     volume = {420},
     number = {1},
     pages = {75-83},
     doi = {10.1111/j.1365-2966.2011.19999.x},
     archivePrefix = {arXiv},
     eprint = {1110.3963},
     primaryClass = {astro-ph.HE},
     adsurl = {https://ui.adsabs.harvard.edu/abs/2012MNRAS.420...75R},
     adsnote = {Provided by the SAO/NASA Astrophysics Data System}}

@ARTICLE{Witham:2008,
     author = {{Witham}, A.~R. and {Knigge}, C. and {Drew}, J.~E. and {Greimel}, R. and {Steeghs}, D. and {G{\"a}nsicke}, B.~T. and {Groot}, P.~J. and {Mampaso}, A.},
     title = "{The IPHAS catalogue of H{\ensuremath{\alpha}} emission-line sources in the northern Galactic plane}",
     journal = {\mnras},
     keywords = {catalogues, surveys, stars: emission-line, Be, Galaxy: stellar content, Astrophysics},
     year = 2008,
     month = mar,
     volume = {384},
     number = {4},
     pages = {1277-1288},
     doi = {10.1111/j.1365-2966.2007.12774.x},
     archivePrefix = {arXiv},
     eprint = {0712.0988},
     primaryClass = {astro-ph},
     adsurl = {https://ui.adsabs.harvard.edu/abs/2008MNRAS.384.1277W},
     adsnote = {Provided by the SAO/NASA Astrophysics Data System}}



